<?xml version="1.0" encoding="UTF-8"?><collection xmlns="http://www.loc.gov/MARC21/slim"><record><leader>00415nam--2200157-i-4500</leader><controlfield tag="001">000046810</controlfield><controlfield tag="002">20161230</controlfield><controlfield tag="005">20170113184917</controlfield><controlfield tag="008">060222s1000------------r-----000-0-eng-d</controlfield><datafield ind1=" " ind2=" " tag="100"><subfield code="a">Voigt, Melvin J</subfield></datafield><datafield ind1=" " ind2=" " tag="245"><subfield code="a">Scientists`s approaches to informatiion</subfield></datafield><datafield ind1=" " ind2=" " tag="260"><subfield code="a">New York</subfield><subfield code="b">Americal Library Association</subfield><subfield code="c">1961</subfield></datafield><datafield ind1=" " ind2=" " tag="300"><subfield code="a">VI + 81 p</subfield></datafield><datafield ind1=" " ind2=" " tag="490"><subfield code="a">Acrl Monograph</subfield></datafield><datafield ind1=" " ind2=" " tag="852"><subfield code="a">18583</subfield></datafield><datafield ind1=" " ind2=" " tag="CAT"><subfield code="a">SYS</subfield><subfield code="c">20170113</subfield><subfield code="h">184917</subfield></datafield></record></collection>